<?xml version="1.0"?>
<marc:records xmlns:marc="http://www.loc.gov/MARC21/slim" xmlns:xsi="http://www.w3.org/2001/XMLSchema-instance" xsi:schemaLocation="http://www.loc.gov/MARC21/slim http://www.loc.gov/standards/marcxml/schema/MARC21slim.xsd">
  <marc:record>
    <marc:leader>04295nam a2200589Ia 4500</marc:leader>
    <marc:controlfield tag="001">9924371913503681</marc:controlfield>
    <marc:controlfield tag="005">20200415105804.0</marc:controlfield>
    <marc:controlfield tag="008">200415q15501650xx p          000 0 ara d</marc:controlfield>
    <marc:datafield ind1=" " ind2=" " tag="035">
  <marc:subfield code="a">(OCoLC)1150882887</marc:subfield>
</marc:datafield>
    <marc:datafield ind1=" " ind2=" " tag="035">
  <marc:subfield code="a">(OCoLC)on1150882887</marc:subfield>
</marc:datafield>
    <marc:datafield ind1=" " ind2=" " tag="035">
  <marc:subfield code="a">(PU)2437191-penndb-Voyager</marc:subfield>
</marc:datafield>
    <marc:datafield ind1=" " ind2=" " tag="040">
  <marc:subfield code="a">PAU</marc:subfield>
  <marc:subfield code="b">eng</marc:subfield>
  <marc:subfield code="c">PAU</marc:subfield>
  <marc:subfield code="e">amremm</marc:subfield>
</marc:datafield>
    <marc:datafield ind1=" " ind2="9" tag="099">
  <marc:subfield code="a">CAJS Rar Ms 121</marc:subfield>
</marc:datafield>
    <marc:datafield ind1="0" ind2=" " tag="130">
  <marc:subfield code="6">880-01</marc:subfield>
  <marc:subfield code="a">Qur&#x2BC;an.</marc:subfield>
</marc:datafield>
    <marc:datafield ind1="1" ind2="4" tag="245">
  <marc:subfield code="6">880-02</marc:subfield>
  <marc:subfield code="a">[al-Qur&#x2BC;a&#x304;n].</marc:subfield>
</marc:datafield>
    <marc:datafield ind1=" " ind2=" " tag="260">
  <marc:subfield code="c">[between 1550 and 1650?]</marc:subfield>
</marc:datafield>
    <marc:datafield ind1=" " ind2=" " tag="300">
  <marc:subfield code="a">ii, 379, ii leaves :</marc:subfield>
  <marc:subfield code="b">paper, illuminations ;</marc:subfield>
  <marc:subfield code="c">316 x 220 (202 x 125) mm bound to 316 x 230 mm.</marc:subfield>
</marc:datafield>
    <marc:datafield ind1=" " ind2=" " tag="500">
  <marc:subfield code="a">Title supplied by cataloger.</marc:subfield>
</marc:datafield>
    <marc:datafield ind1=" " ind2=" " tag="500">
  <marc:subfield code="a">Foliation: Modern foliation added in pencil, upper left recto; catchwords every verso, lower left.</marc:subfield>
</marc:datafield>
    <marc:datafield ind1=" " ind2=" " tag="500">
  <marc:subfield code="a">Layout: Written in 11 long lines.</marc:subfield>
</marc:datafield>
    <marc:datafield ind1=" " ind2=" " tag="500">
  <marc:subfield code="a">Script: Written in naskh in black ink; pointed, vocalized.</marc:subfield>
</marc:datafield>
    <marc:datafield ind1=" " ind2=" " tag="500">
  <marc:subfield code="a">Decoration: Polychrome and gold dual-page illumination (f. 1v-2r); numerous marginal medallions in gold and blue with polychrome flowers and blue foliate finials mark text divisions; su&#x304;rah headers in red ink framed by rectangles with foliate motifs on either end chiefly in blue and gold with small, polychrome flowers; gold roundels with orange, blue and green dots mark verse endings; textblock border-ruled in dark blue and gold.</marc:subfield>
</marc:datafield>
    <marc:datafield ind1=" " ind2=" " tag="500">
  <marc:subfield code="a">Binding: Bound in brown leather over pasteboard with flap (Type II); gold stamped frame; bright orange doublure; red and yellow chevron endbands.</marc:subfield>
</marc:datafield>
    <marc:datafield ind1=" " ind2=" " tag="500">
  <marc:subfield code="a">Origin: The item is undated, a waqf stamp places it before 1661 CE (f. 121r)</marc:subfield>
</marc:datafield>
    <marc:datafield ind1=" " ind2=" " tag="500">
  <marc:subfield code="a">Waqf note, partially scrubbed (f. 1r); stamp (f. 1r); stamp is repeated throughout, often effaced but occasionally visible (see f. 121r, 166r, 292r, 318r, 345r, 360r).</marc:subfield>
</marc:datafield>
    <marc:datafield ind1=" " ind2=" " tag="520">
  <marc:subfield code="a">Complete copy of the Qur&#x2BC;a&#x304;n with a final prayer; border-rules have corroded the paper on some leaves.</marc:subfield>
</marc:datafield>
    <marc:datafield ind1=" " ind2=" " tag="524">
  <marc:subfield code="a">CAJS Rar Ms 121</marc:subfield>
</marc:datafield>
    <marc:datafield ind1="1" ind2=" " tag="541">
  <marc:subfield code="a">Gift of Mayer Sulzberger to the library of the Dropsie College for Hebrew and Cognate Learning (note on library bookplate, inside front cover).</marc:subfield>
</marc:datafield>
    <marc:datafield ind1=" " ind2=" " tag="541">
  <marc:subfield code="e">Rare ms. 121</marc:subfield>
</marc:datafield>
    <marc:datafield ind1=" " ind2=" " tag="546">
  <marc:subfield code="a">Arabic.</marc:subfield>
</marc:datafield>
    <marc:datafield ind1="1" ind2=" " tag="561">
  <marc:subfield code="a">Had been given in waqf (pious endowment) by the the Grand Vizier (al-Vazi&#x304;r al-A&#x304;&#x2BB;zim), the conquerer of the Island of Crete (Fa&#x304;tih&#x323; Jazi&#x304;rat Kri&#x304;d), Ah&#x323;mad Pa&#x304;sha&#x304;, possibly Melek Ahmed Pasha (approximately 1604-1662); the name of the mosque to which the manuscript was given is scrubbed (f. 1r). Numerous waqf stamps with the name Pi&#x304;r Vali&#x304; Muh&#x323;ammad Pa&#x304;sha&#x304; and the year 1072 A.H. (1661 or 1662 CE) also appear (f. 121r, 166r, 292r, 318r, 345r, 360r)</marc:subfield>
</marc:datafield>
    <marc:datafield ind1="1" ind2=" " tag="561">
  <marc:subfield code="a">Formerly owned by the Dropsie College for Hebrew and Cognate Learning (library bookplate inside front cover).</marc:subfield>
</marc:datafield>
    <marc:datafield ind1=" " ind2="0" tag="655">
  <marc:subfield code="a">Manuscripts, Arabic.</marc:subfield>
</marc:datafield>
    <marc:datafield ind1=" " ind2="0" tag="655">
  <marc:subfield code="a">Manuscripts, 17th century.</marc:subfield>
</marc:datafield>
    <marc:datafield ind1=" " ind2="7" tag="655">
  <marc:subfield code="a">Qur&#x2BC;ans.</marc:subfield>
  <marc:subfield code="2">aat</marc:subfield>
</marc:datafield>
    <marc:datafield ind1=" " ind2="7" tag="655">
  <marc:subfield code="a">Codices (bound manuscripts)</marc:subfield>
  <marc:subfield code="2">aat</marc:subfield>
</marc:datafield>
    <marc:datafield ind1=" " ind2="7" tag="655">
  <marc:subfield code="a">Illuminations (painting)</marc:subfield>
  <marc:subfield code="2">aat</marc:subfield>
</marc:datafield>
    <marc:datafield ind1=" " ind2="7" tag="655">
  <marc:subfield code="a">Envelope flaps (features)</marc:subfield>
  <marc:subfield code="2">lobt</marc:subfield>
</marc:datafield>
    <marc:datafield ind1=" " ind2="7" tag="655">
  <marc:subfield code="a">Annotations (Provenance)</marc:subfield>
  <marc:subfield code="2">rbprov</marc:subfield>
</marc:datafield>
    <marc:datafield ind1=" " ind2="7" tag="655">
  <marc:subfield code="a">Stamps (Provenance)</marc:subfield>
  <marc:subfield code="2">rbprov</marc:subfield>
</marc:datafield>
    <marc:datafield ind1="0" ind2=" " tag="700">
  <marc:subfield code="a">Melek Ahmet Pas&#x327;a,</marc:subfield>
  <marc:subfield code="d">-1662,</marc:subfield>
  <marc:subfield code="e">associated name.</marc:subfield>
</marc:datafield>
    <marc:datafield ind1="0" ind2=" " tag="700">
  <marc:subfield code="6">880-03</marc:subfield>
  <marc:subfield code="a">Pi&#x304;r Vali&#x304; Muh&#x323;ammad Pa&#x304;sha&#x304;,</marc:subfield>
  <marc:subfield code="d">active 1661,</marc:subfield>
  <marc:subfield code="e">associated name.</marc:subfield>
</marc:datafield>
    <marc:datafield ind1="1" ind2=" " tag="700">
  <marc:subfield code="a">Sulzberger, Mayer,</marc:subfield>
  <marc:subfield code="d">1843-1923,</marc:subfield>
  <marc:subfield code="e">former owner.</marc:subfield>
</marc:datafield>
    <marc:datafield ind1="2" ind2=" " tag="710">
  <marc:subfield code="a">Dropsie College for Hebrew and Cognate Learning,</marc:subfield>
  <marc:subfield code="e">former owner.</marc:subfield>
</marc:datafield>
    <marc:datafield ind1=" " ind2=" " tag="852">
  <marc:subfield code="b">Library at the Herbert D. Katz Center for Advanced Judaic Studies</marc:subfield>
  <marc:subfield code="a">University of Pennsylvania</marc:subfield>
  <marc:subfield code="e">420 Walnut Street, Philadelphia, Pennsylvania 19106-3703</marc:subfield>
  <marc:subfield code="j">CAJS Rar Ms 121</marc:subfield>
</marc:datafield>
    <marc:datafield ind1="4" ind2="1" tag="856">
  <marc:subfield code="z">Digital facsimile in OPenn</marc:subfield>
  <marc:subfield code="u">http://openn.library.upenn.edu/Data/0002/html/cajs_rarms121.html</marc:subfield>
</marc:datafield>
    <marc:datafield ind1="0" ind2=" " tag="880">
  <marc:subfield code="6">130-01//r</marc:subfield>
  <marc:subfield code="a">&#x642;&#x631;&#x622;&#x646;.</marc:subfield>
</marc:datafield>
    <marc:datafield ind1="1" ind2="2" tag="880">
  <marc:subfield code="6">245-02//r</marc:subfield>
  <marc:subfield code="a">[&#x627;&#x644;&#x642;&#x631;&#x622;&#x646;].</marc:subfield>
</marc:datafield>
    <marc:datafield ind1="0" ind2=" " tag="880">
  <marc:subfield code="6">700-03//r</marc:subfield>
  <marc:subfield code="a">&#x67E;&#x64A;&#x631; &#x648;&#x644;&#x649; &#x645;&#x62D;&#x645;&#x62F; &#x67E;&#x627;&#x634;&#x627;&#x60C;</marc:subfield>
  <marc:subfield code="d">active 1661&#x60C;</marc:subfield>
  <marc:subfield code="e">associated name.</marc:subfield>
</marc:datafield>
    <marc:datafield ind1=" " ind2=" " tag="949">
  <marc:subfield code="a">CAJS Rar Ms 121</marc:subfield>
  <marc:subfield code="c">1</marc:subfield>
  <marc:subfield code="f">AR1</marc:subfield>
  <marc:subfield code="l">cjs</marc:subfield>
  <marc:subfield code="z">00770570063Z</marc:subfield>
  <marc:subfield code="1">L001001000</marc:subfield>
  <marc:subfield code="3">931108</marc:subfield>
  <marc:subfield code="4">L99N</marc:subfield>
  <marc:subfield code="7">ARA</marc:subfield>
  <marc:subfield code="8">RLIN</marc:subfield>
  <marc:subfield code="9">1600</marc:subfield>
</marc:datafield>
    <marc:datafield ind1=" " ind2=" " tag="950">
  <marc:subfield code="l">PAAH</marc:subfield>
  <marc:subfield code="i">04/21/93 C</marc:subfield>
</marc:datafield>
    <marc:datafield ind1=" " ind2=" " tag="996">
  <marc:subfield code="a">hinge-right</marc:subfield>
</marc:datafield>
    <marc:holdings>
      <marc:holding>
        <marc:holding_id>22253628490003681</marc:holding_id>
        <marc:call_number>CAJS Rar Ms 121</marc:call_number>
        <marc:library>KatzLib</marc:library>
        <marc:location>cjsrarms</marc:location>
      </marc:holding>
    </marc:holdings>
  </marc:record>
</marc:records>
